<?xml version="1.0" encoding="UTF-8"?><collection xmlns="http://www.loc.gov/MARC21/slim"><record><leader>00327nam--2200121-i-4500</leader><controlfield tag="001">000005224</controlfield><controlfield tag="002">20161230</controlfield><controlfield tag="005">20161230201026</controlfield><controlfield tag="008">060222s1000------------r-----000-0-eng-d</controlfield><datafield ind1=" " ind2=" " tag="100"><subfield code="a">Cockett, A.H., Din, F</subfield></datafield><datafield ind1=" " ind2=" " tag="245"><subfield code="a">Low-temperature technicques</subfield></datafield><datafield ind1=" " ind2=" " tag="260"><subfield code="a">London, George Newnes Ltd., 1960</subfield></datafield><datafield ind1=" " ind2=" " tag="490"><subfield code="a">Newnes Practical Science Books</subfield></datafield></record></collection>